<collection xmlns="http://www.loc.gov/MARC21/slim">
<record>
  <leader>02316nam0a22003851i 450 </leader>
  <controlfield tag="001">IT\ICCU\CNCE\023133</controlfield>
  <controlfield tag="005">20120709000000.0</controlfield>
  <datafield tag="012" ind1=" " ind2=" ">
    <subfield code="a">e,d- a.le tote poda (3) 1538 (R)</subfield>
    <subfield code="2">fei</subfield>
  </datafield>
  <datafield tag="100" ind1=" " ind2=" ">
    <subfield code="a">19970626d1538        0itac0103    ba</subfield>
  </datafield>
  <datafield tag="101" ind1=" " ind2=" ">
    <subfield code="a">ITA</subfield>
  </datafield>
  <datafield tag="102" ind1=" " ind2=" ">
    <subfield code="a">IT</subfield>
  </datafield>
  <datafield tag="200" ind1="1" ind2=" ">
    <subfield code="a">℗Di Ouidio le ℗Metamorphosi, cioe trasmutationi, tradotte dal latino diligentemente in volgar verso, con le sue allegorie, significationi, &amp; dichiarationi delle fauole in prosa. Aggiontoui nouamente la sua tauola, doue piu facilmente si potra trouare tutti i capitoli, con le sue figure appropiate a suoi luoghi con ordine poste. Et di nuouo corretto</subfield>
  </datafield>
  <datafield tag="210" ind1=" " ind2=" ">
    <subfield code="e">\Venezia!</subfield>
    <subfield code="g">stampato per Bernardino di Bindoni milanese</subfield>
    <subfield code="h">1538. Dil mese di mazo</subfield>
  </datafield>
  <datafield tag="215" ind1=" " ind2=" ">
    <subfield code="a">165, \3! c.</subfield>
    <subfield code="c">ill.</subfield>
    <subfield code="d">4ʻ</subfield>
  </datafield>
  <datafield tag="620" ind1=" " ind2=" ">
    <subfield code="a">IT</subfield>
    <subfield code="d">Venezia</subfield>
  </datafield>
  <datafield tag="700" ind1=" " ind2="1">
    <subfield code="a">Ovidius Naso,</subfield>
    <subfield code="b">Publius</subfield>
    <subfield code="3">IT\ICCU\CNCA\003076</subfield>
  </datafield>
  <datafield tag="712" ind1="0" ind2="0">
    <subfield code="a">Bindoni, Bernardino</subfield>
    <subfield code="3">IT\ICCU\CNCT\000319</subfield>
    <subfield code="4">650</subfield>
  </datafield>
  <datafield tag="790" ind1=" " ind2="0">
    <subfield code="a">Ovidius</subfield>
    <subfield code="3">IT\ICCU\CNCA\022433</subfield>
    <subfield code="z">Ovidius Naso, Publius</subfield>
  </datafield>
  <datafield tag="790" ind1=" " ind2="0">
    <subfield code="a">Publius Ovidius Naso</subfield>
    <subfield code="3">IT\ICCU\CNCA\022434</subfield>
    <subfield code="z">Ovidius Naso, Publius</subfield>
  </datafield>
  <datafield tag="791" ind1="0" ind2="0">
    <subfield code="a">Bindonis, Bernardinus de</subfield>
    <subfield code="3">IT\ICCU\CNCT\004380</subfield>
    <subfield code="z">Bindoni, Bernardino</subfield>
  </datafield>
  <datafield tag="791" ind1="0" ind2="0">
    <subfield code="a">Bendoni, Bernardin de</subfield>
    <subfield code="3">IT\ICCU\CNCT\004381</subfield>
    <subfield code="z">Bindoni, Bernardino</subfield>
  </datafield>
  <datafield tag="801" ind1=" " ind2="3">
    <subfield code="a">IT</subfield>
    <subfield code="b">ICCU</subfield>
    <subfield code="c">20201114</subfield>
  </datafield>
  <datafield tag="899" ind1=" " ind2=" ">
    <subfield code="a">Biblioteca Diocesana Mons. Giuliano Agresti. Lucca</subfield>
    <subfield code="1">LU0023</subfield>
    <subfield code="2">PBE 86</subfield>
  </datafield>
  <datafield tag="899" ind1=" " ind2=" ">
    <subfield code="a">Biblioteca delle Facolt ̉di giurisprudenza e di lettere e filosofia dell&apos;Universit ̉degli studi di Milano. Milano</subfield>
    <subfield code="1">MI0190</subfield>
    <subfield code="2">USM A6</subfield>
  </datafield>
  <datafield tag="899" ind1=" " ind2=" ">
    <subfield code="a">Biblioteca universitaria. Padova</subfield>
    <subfield code="1">PD0158</subfield>
    <subfield code="2">PUV 00</subfield>
  </datafield>
  <datafield tag="899" ind1=" " ind2=" ">
    <subfield code="a">Biblioteca  Panizzi. Reggio Emilia</subfield>
    <subfield code="1">RE0052</subfield>
    <subfield code="2">RE2 PA</subfield>
  </datafield>
  <datafield tag="899" ind1=" " ind2=" ">
    <subfield code="a">Biblioteca nazionale centrale. Roma</subfield>
    <subfield code="1">RM0267</subfield>
    <subfield code="2">BVE CR</subfield>
  </datafield>
  <datafield tag="899" ind1=" " ind2=" ">
    <subfield code="a">Biblioteca del Pontificio Ateneo Antonianum. Roma</subfield>
    <subfield code="z">MUTILO</subfield>
    <subfield code="1">RM0692</subfield>
    <subfield code="2">ZRM 44</subfield>
  </datafield>
  <datafield tag="899" ind1=" " ind2=" ">
    <subfield code="a">Biblioteca nazionale universitaria. Torino</subfield>
    <subfield code="1">TO0265</subfield>
    <subfield code="2">TO0 02</subfield>
  </datafield>
  <datafield tag="899" ind1=" " ind2=" ">
    <subfield code="a">British Library. London</subfield>
    <subfield code="1">UK0001</subfield>
  </datafield>
  <datafield tag="899" ind1=" " ind2=" ">
    <subfield code="a">Biblioteca nazionale Marciana. Venezia</subfield>
    <subfield code="1">VE0049</subfield>
    <subfield code="2">VEA BM</subfield>
  </datafield>
  <datafield tag="899" ind1=" " ind2=" ">
    <subfield code="a">Biblioteche della Fondazione Giorgio Cini onlus. Venezia</subfield>
    <subfield code="1">VE0239</subfield>
    <subfield code="2">VEA FC</subfield>
  </datafield>
  <datafield tag="899" ind1=" " ind2=" ">
    <subfield code="a">Biblioteca civica Bertoliana. Vicenza</subfield>
    <subfield code="1">VI0096</subfield>
    <subfield code="2">VIA BE</subfield>
  </datafield>
  <datafield tag="911" ind1=" " ind2=" ">
    <subfield code="a">nel colophon</subfield>
    <subfield code="9">IT\ICCU\CNCM\001264</subfield>
  </datafield>
  <datafield tag="921" ind1=" " ind2=" ">
    <subfield code="a">IT\ICCU\CNCM\001264</subfield>
    <subfield code="b">San Pietro in cattedra con triregno, chiavi e libro. In alto iniziali : SP</subfield>
    <subfield code="c">U252</subfield>
    <subfield code="d">Dimensioni: 3 x 3,5</subfield>
    <subfield code="f">PIETRO</subfield>
    <subfield code="f">SP</subfield>
    <subfield code="g">1536-1544</subfield>
  </datafield>
</record>
</collection>
